<?xml version="1.0" encoding="UTF-8"?><collection xmlns="http://www.loc.gov/MARC21/slim"><record><leader>00440nam--2200157-i-4500</leader><controlfield tag="001">000036883</controlfield><controlfield tag="002">20161230</controlfield><controlfield tag="005">20170222171511</controlfield><controlfield tag="008">060222s1000------------r-----000-0-eng-d</controlfield><datafield ind1=" " ind2=" " tag="080"><subfield code="a">330.342.35:338.31</subfield></datafield><datafield ind1=" " ind2=" " tag="100"><subfield code="a">Popescu, Vasile</subfield></datafield><datafield ind1=" " ind2=" " tag="245"><subfield code="a">Masurarea eficientei utilizarii resurselor materiale. Sistem complex de indicatori</subfield></datafield><datafield ind1=" " ind2=" " tag="260"><subfield code="a">Bucuresti</subfield><subfield code="b">Ed.Tehnica</subfield><subfield code="c">1980</subfield></datafield><datafield ind1=" " ind2=" " tag="300"><subfield code="a">259 p</subfield></datafield><datafield ind1=" " ind2=" " tag="852"><subfield code="a">47168</subfield></datafield><datafield ind1=" " ind2=" " tag="CAT"><subfield code="a">SYS</subfield><subfield code="c">20170222</subfield><subfield code="h">171511</subfield></datafield></record></collection>